%% This BibTeX bibliography file was created using BibDesk.
%% http://bibdesk.sourceforge.net/


%% Created for Anton Wijs at 2020-02-12 11:11:59 +0100 


%% Saved with string encoding Unicode (UTF-8) 

@InProceedings{floodit,
	author="Arthur, David
	and Clifford, Rapha{\"e}l
	and Jalsenius, Markus
	and Montanaro, Ashley
	and Sach, Benjamin",
	editor="Boldi, Paolo
	and Gargano, Luisa",
	title="The Complexity of Flood Filling Games",
	booktitle="Fun with Algorithms",
	year="2010",
	publisher="Springer Berlin Heidelberg",
	address="Berlin, Heidelberg",
	pages="307--318"
}

@Mastersthesis{thesis,
	author="Milan van Stiphout",
	title="Flood-It as a SAT problem",
	type="bachelor thesis",
	school="Faculty of Science, Radboud University",
	address="Nijmegen, The Netherlands",
	year="2020",
	url="https://www.cs.ru.nl/bachelors-theses"
}

@article{floodit2,
	title = "The Flood-It game parameterized by the vertex cover number",
	journal = "Electronic Notes in Discrete Mathematics",
	volume = "50",
	pages = "35 - 40",
	year = "2015",
	note = "LAGOS'15 – VIII Latin-American Algorithms, Graphs and Optimization Symposium",
	issn = "1571-0653",
	doi = "https://doi.org/10.1016/j.endm.2015.07.007",
	author = "Uéverton dos Santos Souza and Frances Rosamond and Michael R. Fellows and Fábio Protti and Maise [Dantas da Silva]"
}

@misc{dimacs,
	Author = {SATLIB},
	Note = {{Last accessed on 2019}},
	Title = {{SATLIB - Benchmark Problems}},
	Url = {https://www.cs.ubc.ca/~hoos/SATLIB/benchm.html},
	Year = {2011},
	Bdsk-Url-1 = {https://www.cs.ubc.ca/~hoos/SATLIB/benchm.html}}
