%% This BibTeX bibliography file was created using BibDesk.
%% http://bibdesk.sourceforge.net/


%% Created for Anton Wijs at 2020-02-12 11:11:59 +0100 


%% Saved with string encoding Unicode (UTF-8) 


@InProceedings{sigmaTacas,
	author="Osama, Muhammad
	and Wijs, Anton",
	editor="Vojnar, Tom{\'a}{\v{s}}
	and Zhang, Lijun",
	title="Parallel SAT Simplification on GPU Architectures",
	booktitle="Tools and Algorithms for the Construction and Analysis of Systems",
	year="2019",
	publisher="Springer International Publishing",
	address="Cham",
	pages="21--40",
	isbn="978-3-030-17462-0"
}

@InProceedings{sigmaIfm,
	author="Osama, Muhammad
	and Wijs, Anton",
	editor="Ahrendt, Wolfgang
	and Tapia Tarifa, Silvia Lizeth",
	title="SIGmA: GPU Accelerated Simplification of SAT Formulas",
	booktitle="Integrated Formal Methods",
	year="2019",
	publisher="Springer International Publishing",
	address="Cham",
	pages="514--522"
}

@InProceedings{pdcl,
	author="Osama, Muhammad
	and Wijs, Anton",
	title="Parallel Decision Making in Conflict-Driven Clause Learning",
	note="Submitted",
	year="2020"
}

@article{DAS5,
	Author = {Henri Bal and Dick Epema and Cees de Laat and Rob van Nieuwpoort and John Romein and Frank Seinstra and Cees Snoek and Harry Wijshoff},
	Date-Added = {2018-05-07 13:45:00 +0000},
	Date-Modified = {2018-05-14 21:56:12 +0000},
	Journal = {IEEE Computer},
	Number = {5},
	Pages = {54-63},
	Title = {{A Medium-Scale Distributed System for Computer Science Research: Infrastructure for the Long Term}},
	Volume = {49},
	Year = {2016}}

@inproceedings{glucose,
	author = {Audemard, Gilles and Simon, Laurent},
	title = {Predicting Learnt Clauses Quality in Modern SAT Solvers},
	year = {2009},
	publisher = {Morgan Kaufmann Publishers Inc.},
	address = {San Francisco, CA, USA},
	booktitle = {Proceedings of the 21st International Jont Conference on Artifical Intelligence},
	pages = {399–404},
	numpages = {6},
	location = {Pasadena, California, USA},
	series = {IJCAI’09}
}

@inproceedings{geoRestart,
	Author = {Walsh, Toby and others},
	Booktitle = {Ijcai},
	Pages = {1172--1177},
	Title = {Search in a small world},
	Volume = {99},
	Year = {1999}}

@article{luby,
	Author = {Luby, Michael and Sinclair, Alistair and Zuckerman, David},
	Journal = {Information Processing Letters},
	Number = {4},
	Pages = {173--180},
	Publisher = {Elsevier},
	Title = {Optimal speedup of Las Vegas algorithms},
	Volume = {47},
	Year = {1993}}

@article{satzilla,
	Author = {Xu, L. and Hutter, F. and Hoos, H. H. and Leyton-Brown, K.},
	Issn = {1076-9757},
	Journal = {Journal of Artificial Intelligence Research},
	Language = {en},
	Month = jul,
	Pages = {565--606},
	Shorttitle = {{SATzilla}},
	Title = {{SATzilla}: {Portfolio}-based {Algorithm} {Selection} for {SAT}},
	Urldate = {2019-12-17},
	Volume = {32},
	Year = {2008}}

@article{lookahead,
	Author = {Heule, Marijn and van Maaren, Hans},
	Journal = {Handbook of satisfiability},
	Pages = {155--184},
	Title = {Look-Ahead Based SAT Solvers.},
	Volume = {185},
	Year = {2009}}

@inproceedings{hordeSat,
	Address = {Cham},
	Author = {Balyo, Tom{\'a}{\v s} and Sanders, Peter and Sinz, Carsten},
	Booktitle = {Theory and {Applications} of {Satisfiability} {Testing} -- {SAT} 2015},
	Editor = {Heule, Marijn and Weaver, Sean},
	Isbn = {978-3-319-24317-7 978-3-319-24318-4},
	Language = {en},
	Pages = {156--172},
	Publisher = {Springer International Publishing},
	Shorttitle = {{HordeSat}},
	Title = {{HordeSat}: {A} {Massively} {Parallel} {Portfolio} {SAT} {Solver}},
	Urldate = {2019-11-21},
	Volume = {9340},
	Year = {2015}}

@article{manySat,
	Author = {Hamadi, Youssef and Jabbour, Said and Sais, Lakhdar},
	Date-Modified = {2020-02-12 10:13:58 +0100},
	Journal = {Journal on Satisfiability, Boolean Modeling and Computation},
	Number = {4},
	Pages = {245--262},
	Publisher = {IOS Press},
	Title = {{ManySAT}: a Parallel {SAT} Solver},
	Volume = {6},
	Year = {2010}}

@inproceedings{painless2019,
	Address = {Cham},
	Author = {Le Frioux, Ludovic and Baarir, Souheib and Sopena, Julien and Kordon, Fabrice},
	Booktitle = {Tools and {Algorithms} for the {Construction} and {Analysis} of {Systems}},
	Editor = {Vojnar, Tom{\'a}{\v s} and Zhang, Lijun},
	Isbn = {978-3-030-17462-0},
	Pages = {135--151},
	Publisher = {Springer International Publishing},
	Title = {Modular and {Efficient} {Divide}-and-{Conquer} {SAT} {Solver} on {Top} of the {Painless} {Framework}},
	Year = {2019}}

@inproceedings{cnc,
	Address = {Berlin, Heidelberg},
	Author = {Heule, Marijn J. H. and Kullmann, Oliver and Wieringa, Siert and Biere, Armin},
	Booktitle = {Hardware and {Software}: {Verification} and {Testing}},
	Isbn = {978-3-642-34187-8 978-3-642-34188-5},
	Language = {en},
	Pages = {50--65},
	Publisher = {Springer Berlin Heidelberg},
	Shorttitle = {Cube and {Conquer}},
	Title = {Cube and {Conquer}: {Guiding} {CDCL} {SAT} {Solvers} by {Lookaheads}},
	Urldate = {2019-11-22},
	Volume = {7261},
	Year = {2012}}

@article{partition2010,
	Address = {Berlin, Heidelberg},
	Author = {Hyv{\"a}rinen, Antti E. J. and Junttila, Tommi and Niemel{\"a}, Ilkka},
	Booktitle = {Logic for {Programming}, {Artificial} {Intelligence}, and {Reasoning}},
	Date-Modified = {2020-02-12 10:12:13 +0100},
	Editor = {Ferm{\"u}ller, Christian G. and Voronkov, Andrei},
	Isbn = {978-3-642-16241-1 978-3-642-16242-8},
	Language = {en},
	Pages = {372--386},
	Publisher = {Springer Berlin Heidelberg},
	Title = {Partitioning {SAT} {Instances} for {Distributed} {Solving}},
	Urldate = {2019-11-21},
	Volume = {6397},
	Year = {2010}}

@article{psato,
	Author = {Zhang, Hantao and Bonactina, Maria Paola and Hsiang, Jieh},
	Issn = {0747-7171},
	Journal = {Journal of Symbolic Computation},
	Number = {4},
	Pages = {543 -- 560},
	Title = {{PSATO}: a {Distributed} {Propositional} {Prover} and its {Application} to {Quasigroup} {Problems}},
	Volume = {21},
	Year = {1996}}

@article{tprove,
	Author = {Brown, Chad E.},
	Day = {01},
	Journal = {Journal of Automated Reasoning},
	Month = {Jun},
	Number = {1},
	Pages = {57--77},
	Title = {Reducing Higher-Order Theorem Proving to a Sequence of SAT Problems},
	Volume = {51},
	Year = {2013}}

@inproceedings{combEquiv,
	Author = {J. {Marques-Silva} and T. {Glass}},
	Booktitle = {Design, Automation and Test in Europe Conference and Exhibition, 1999. Proceedings (Cat. No. PR00078)},
	Issn = {null},
	Month = {March},
	Pages = {145-149},
	Title = {Combinational equivalence checking using satisfiability and recursive learning},
	Year = {1999}}

@inproceedings{phaseSave,
	Address = {Berlin, Heidelberg},
	Author = {Pipatsrisawat, Knot and Darwiche, Adnan},
	Booktitle = {Theory and Applications of Satisfiability Testing -- SAT 2007},
	Editor = {Marques-Silva, Jo{\~a}o and Sakallah, Karem A.},
	Isbn = {978-3-540-72788-0},
	Pages = {294--299},
	Publisher = {Springer Berlin Heidelberg},
	Title = {A Lightweight Component Caching Scheme for Satisfiability Solvers},
	Year = {2007}}

@inproceedings{ic3,
	Author = {Bradley, Aaron R},
	Booktitle = {International Workshop on Verification, Model Checking, and Abstract Interpretation},
	Date-Modified = {2020-02-12 10:16:04 +0100},
	Organization = {Springer},
	Pages = {70--87},
	Title = {{SAT}-based model checking without unrolling},
	Year = {2011}}

@inproceedings{smcBiere,
	Author = {Biere, Armin and Cimatti, Alessandro and Clarke, Edmund and Zhu, Yunshan},
	Booktitle = {International conference on tools and algorithms for the construction and analysis of systems},
	Date-Modified = {2020-02-12 10:16:22 +0100},
	Organization = {Springer},
	Pages = {193--207},
	Title = {Symbolic model checking without {BDDs}},
	Year = {1999}}

@article{velev,
	Author = {Miroslav N Velev and Randal E Bryant},
	Issn = {0747-7171},
	Journal = {Journal of Symbolic Computation},
	Number = {2},
	Pages = {73 - 106},
	Title = {Effective use of Boolean satisfiability procedures in the formal verification of superscalar and VLIW microprocessors},
	Volume = {35},
	Year = {2003}}

@article{combsat,
	Author = {Stephan, Paul and Brayton, Robert K and Sangiovanni-Vincentelli, Alberto L},
	Journal = {IEEE Transactions on Computer-Aided Design of Integrated Circuits and Systems},
	Number = {9},
	Pages = {1167--1176},
	Publisher = {IEEE},
	Title = {Combinational test generation using satisfiability},
	Volume = {15},
	Year = {1996}}

@article{berkmin,
	Author = {Eugene Goldberg and Yakov Novikov},
	Date-Modified = {2020-02-12 10:15:41 +0100},
	Issn = {0166-218X},
	Journal = {Discrete Applied Mathematics},
	Number = {12},
	Pages = {1549 - 1561},
	Title = {{BerkMin: A fast and robust Sat-solver}},
	Volume = {155},
	Year = {2007}}

@inproceedings{zhangUIP,
	Author = {Zhang, Lintao and Madigan, Conor F and Moskewicz, Matthew H and Malik, Sharad},
	Booktitle = {Proceedings of the 2001 IEEE/ACM international conference on Computer-aided design},
	Organization = {IEEE Press},
	Pages = {279--285},
	Title = {Efficient conflict driven learning in a boolean satisfiability solver},
	Year = {2001}}

@inproceedings{chaff,
	Author = {Moskewicz, Matthew W and Madigan, Conor F and Zhao, Ying and Zhang, Lintao and Malik, Sharad},
	Booktitle = {Proceedings of the 38th annual Design Automation Conference},
	Organization = {ACM},
	Pages = {530--535},
	Title = {Chaff: Engineering an efficient SAT solver},
	Year = {2001}}

@article{grasp,
	Author = {Marques-Silva, Joao P and Sakallah, Karem A},
	Journal = {IEEE Transactions on Computers},
	Number = {5},
	Pages = {506--521},
	Publisher = {IEEE},
	Title = {GRASP: A search algorithm for propositional satisfiability},
	Volume = {48},
	Year = {1999}}

@article{DPLL,
	Acmid = {368557},
	Address = {New York, NY, USA},
	Author = {Davis, Martin and Logemann, George and Loveland, Donald},
	Date-Modified = {2018-05-11 20:41:24 +0000},
	Issn = {0001-0782},
	Issue_Date = {July 1962},
	Journal = {Commun. ACM},
	Month = jul,
	Number = {7},
	Numpages = {4},
	Pages = {394--397},
	Publisher = {ACM},
	Title = {{A Machine Program for Theorem-proving}},
	Volume = {5},
	Year = {1962}}

@inproceedings{minisat,
	Author = {E{\'e}n, Niklas and S{\"o}rensson, Niklas},
	Booktitle = {SAT},
	Date-Modified = {2018-05-11 20:44:37 +0000},
	Isbn = {978-3-540-24605-3},
	Pages = {502-518},
	Publisher = {Springer},
	Series = {LNCS},
	Title = {{An Extensible SAT-solver}},
	Volume = {2919},
	Year = {2004}}

@article{plingeling,
	Author = {Biere, Armin},
	Journal = {FMV Report Series Technical Report},
	Number = {1},
	Title = {Lingeling, plingeling, picosat and precosat at sat race 2010},
	Volume = {10},
	Year = {2010}}

@misc{satlib,
	Author = {SATLIB},
	Date-Modified = {2020-02-12 11:11:59 +0100},
	Title = {{Random Benchmark Suite}},
	Url = {https://www.cs.ubc.ca/~hoos/SATLIB/benchm.html},
	Year = {2019},
	Bdsk-Url-1 = {https://www.cs.ubc.ca/~hoos/SATLIB/benchm.html}}

@misc{satcomp,
	Author = {Marijn Heule and Matti J{\"a}rvisalo and Tom{\'a}{\v s} Balyo and Adrian Balint and Anton Belov},
	Title = {{SAT Competition 13-19}},
	Url = {https://satcompetition.org/},
	Year = {2018},
	Bdsk-Url-1 = {https://satcompetition.org/}}

@inproceedings{wijs2016gpuexplore,
	Author = {Wijs, Anton and Neele, Thomas and Bo{\v{s}}na{\v{c}}ki, Dragan},
	Booktitle = {FM},
	Date-Modified = {2018-05-11 20:54:12 +0000},
	Pages = {694-701},
	Publisher = {Springer},
	Series = {LNCS},
	Title = {{GPUexplore 2.0: Unleashing GPU Explicit-state Model Checking}},
	Volume = {9995},
	Year = {2016}}

@inproceedings{aco,
	Author = {H. Youness and A. Ibraheim and M. Moness and M. Osama},
	Booktitle = {2015 23rd Euromicro International Conference on Parallel, Distributed, and Network-Based Processing},
	Date-Modified = {2018-05-11 20:55:01 +0000},
	Issn = {1066-6192},
	Month = {March},
	Pages = {230-235},
	Title = {{An Efficient Implementation of Ant Colony Optimization on GPU for the Satisfiability Problem}},
	Year = {2015}}

@article{KULLMANN_res,
	Author = {O. Kullmann},
	Journal = {Discrete Applied Mathematics},
	Pages = {149-176},
	Title = {{On a generalization of extended resolution}},
	Volume = {97},
	Year = {1999}}

@inproceedings{cryptominisat,
	Author = {Mate Soos and Karsten Nohl and Claude Castelluccia},
	Booktitle = {Theory and Applications of Satisfiability Testing - {SAT} 2009, 12th International Conference, {SAT} 2009, Swansea, UK, June 30 - July 3, 2009. Proceedings},
	Pages = {244--257},
	Title = {{Extending {SAT} Solvers to Cryptographic Problems}},
	Year = {2009}}

@article{hamadi2013seven,
	Author = {Hamadi, Youssef and Wintersteiger, Christoph},
	Journal = {AI Magazine},
	Number = {2},
	Pages = {99},
	Title = {{Seven challenges in parallel SAT solving}},
	Volume = {34},
	Year = {2013}}

@article{Osama2018,
	Author = {Osama, Muhammad and Gaber, Lamya and Hussein, Aziza I. and Mahmoud, Hanafy},
	Day = {01},
	Issn = {1573-0727},
	Journal = {Journal of Electronic Testing},
	Month = {Oct},
	Number = {5},
	Pages = {511--527},
	Publisher = {Springer US},
	Title = {{An Efficient SAT-Based Test Generation Algorithm with GPU Accelerator}},
	Volume = {34},
	Year = {2018}}

@article{cncSolvers,
	Author = {Marijn Heule},
	Journal = {GitHub repository},
	Title = {Cube-and-Conquer Solvers},
	Url = {https://github.com/marijnheule/CnC},
	Year = {2019},
	Bdsk-Url-1 = {https://github.com/marijnheule/CnC}}
